@article {MR3263315,
    AUTHOR = {Chastain, Erick and Livnat, Adi and Papadimitriou, Christos
              and Vazirani, Umesh},
     TITLE = {Algorithms, games, and evolution},
   JOURNAL = {Proc. Natl. Acad. Sci. USA},
  FJOURNAL = {Proceedings of the National Academy of Sciences of the United
              States of America},
    VOLUME = {111},
      YEAR = {2014},
    NUMBER = {29},
     PAGES = {10620--10623},
      ISSN = {1091-6490},
   MRCLASS = {91A80 (68T05 91A26)},
  MRNUMBER = {3263315},
       DOI = {10.1073/pnas.1406556111},
       URL = {http://dx.doi.org/10.1073/pnas.1406556111},
}


@book{Kleinberg:2005:AD:1051910,
 author = {Kleinberg, Jon and Tardos, Eva},
 title = {Algorithm Design},
 year = {2005},
 isbn = {0321295358},
 publisher = {Addison-Wesley Longman Publishing Co., Inc.},
 address = {Boston, MA, USA},
} 

@incollection {MR0378476,
    AUTHOR = {Karp, Richard M.},
     TITLE = {Reducibility among combinatorial problems},
 BOOKTITLE = {Complexity of computer computations ({P}roc. {S}ympos., {IBM}
              {T}homas {J}. {W}atson {R}es. {C}enter, {Y}orktown {H}eights,
              {N}.{Y}., 1972)},
     PAGES = {85--103},
 PUBLISHER = {Plenum, New York},
      YEAR = {1972},
   MRCLASS = {68A20},
  MRNUMBER = {0378476 (51 \#14644)},
MRREVIEWER = {John T. Gill},
}

@misc{Rosalind,
  title = {Rosalind is a platform for learning bioinformatics through problem solving.},
  howpublished = {http://rosalind.info/problems/locations/}},
  note = {Accessed: 2015-06-06}
}